<record><leader>00000cas a22000007a 4500</leader><controlfield tag="001">11671842</controlfield><controlfield tag="008">850208c19859999nduwr ne      0   a0eng d</controlfield><datafield ind1=" " ind2=" " tag="010"><subfield code="a">sn 85000510 </subfield></datafield><datafield ind1=" " ind2=" " tag="040"><subfield code="a">NSD</subfield><subfield code="b">eng</subfield><subfield code="c">NSD</subfield><subfield code="d">NOP</subfield><subfield code="d">OCLCQ</subfield></datafield><datafield ind1=" " ind2=" " tag="012"><subfield code="m">1</subfield></datafield><datafield ind1="1" ind2=" " tag="022"><subfield code="a">8750-6882</subfield><subfield code="l">8750-6882</subfield><subfield code="2">1</subfield></datafield><datafield ind1=" " ind2=" " tag="037"><subfield code="b">Eldredge Pub. Co., Harvey, N.D. 58341</subfield></datafield><datafield ind1=" " ind2=" " tag="042"><subfield code="a">nsdp</subfield></datafield><datafield ind1="0" ind2=" " tag="130"><subfield code="a">Herald-press (Harvey, N.D.)</subfield></datafield><datafield ind1=" " ind2="4" tag="222"><subfield code="a">The Herald-press</subfield><subfield code="b">(Harvey N.D.)</subfield></datafield><datafield ind1="1" ind2="4" tag="245"><subfield code="a">The Herald-press.</subfield></datafield><datafield ind1=" " ind2=" " tag="260"><subfield code="a">Harvey, N.D. ;</subfield><subfield code="a">Fessenden, N.D. :</subfield><subfield code="b">Eldredge Pub. Co.</subfield></datafield><datafield ind1=" " ind2=" " tag="300"><subfield code="a">v. :</subfield><subfield code="b">ill. ;</subfield><subfield code="c">58 cm.</subfield></datafield><datafield ind1=" " ind2=" " tag="310"><subfield code="a">Weekly</subfield></datafield><datafield ind1="0" ind2=" " tag="362"><subfield code="a">Jan. 2, 1985-</subfield></datafield><datafield ind1=" " ind2=" " tag="500"><subfield code="a">"The official newspaper for Wells County."</subfield></datafield><datafield ind1=" " ind2=" " tag="530"><subfield code="a">Available on microfilm from the State Historical Society of North Dakota.</subfield></datafield><datafield ind1=" " ind2=" " tag="752"><subfield code="a">United States</subfield><subfield code="b">North Dakota</subfield><subfield code="c">Wells</subfield><subfield code="d">Harvey.</subfield></datafield><datafield ind1=" " ind2=" " tag="752"><subfield code="a">United States</subfield><subfield code="b">North Dakota</subfield><subfield code="c">Wells</subfield><subfield code="d">Fessenden.</subfield></datafield><datafield ind1="0" ind2="4" tag="780"><subfield code="t">Harvey herald (Harvey, N.D. : 1922)</subfield><subfield code="w">(DLC)sn 89074077</subfield><subfield code="w">(OCoLC)1751851</subfield></datafield><datafield ind1="0" ind2="4" tag="780"><subfield code="t">Wells county free press (Fessenden, N.D. : 1913)</subfield><subfield code="w">(DLC)sn 88076425</subfield><subfield code="w">(OCoLC)1769583</subfield></datafield><datafield ind1=" " ind2=" " tag="936"><subfield code="a">Jan. 2, 1985</subfield></datafield></record>